\usepackage[utf8]{inputenc}
\begin{thebibliography}{99}

@misc{deNBI,
  title = {{de.NBI Cloud}},
  author = {de.NBI},
  year = {2022},
  url = {https://cloud.denbi.de/about/bielefeld/},
  urldate = {2022-05-11},
  note = "[Online; abgerufen am 11-Mai-2022]"
}

@misc{VirtuelleMaschine,
  title = {{Virtuelle Maschine}},
  author = {{Red Hat, Inc.}},
  year = {2019},
  url = {https://www.redhat.com/de/topics/virtualization/what-is-a-virtual-machine},
  urldate = {2022-05-11},
  note = "[Online; abgerufen am 11-Mai-2022]"
}

@misc{KVM,
  title = {{Was ist KVM?}},
  author = {{Red Hat, Inc.}},
  year = {2018},
  url = {https://www.redhat.com/de/topics/virtualization/what-is-KVM},
  urldate = {2022-05-11},
  note = "[Online; abgerufen am 11-Mai-2022]"
}

@misc{Ansible,
  title = {{What is Ansible?}},
  author = {{Red Hat, Inc.}},
  year = {o. J.},
  url = {https://opensource.com/resources/what-ansible},
  urldate = {2022-05-11},
  note = "[Online; abgerufen am 11-Mai-2022]"
}

@misc{OpenStack,
  title = {{Documentation for Yoga (April 2022)}},
  author = {{Open Infrastructure Foundation}},
  year = {2022},
  url = {https://docs.openstack.org/yoga/},
  urldate = {2022-05-11},
  note = "[Online; abgerufen am 11-Mai-2022]"
}

@misc{WhatIsOpenStack,
  title = {{What is OpenStack?}},
  author = {Canonical Ltd.},
  year = {o. J.},
  url = {https://ubuntu.com/openstack/what-is-openstack},
  urldate = {2022-05-11},
  note = "[Online; abgerufen am 11-Mai-2022]"
}

@misc{OpenstackComponents,
  title = {{Understanding OpenStack}},
  author = {{Red Hat, Inc.}},
  year = {2021},
  url = {https://www.redhat.com/en/topics/openstack},
  urldate = {2022-05-11},
  note = "[Online; abgerufen am 11-Mai-2022]"
}

@misc{OpenStackGlanceStores,
  title = {{Glance - Image service}},
  author = {{Open Infrastructure Foundation}},
  year = {2020},
  url = {https://docs.openstack.org/kolla-ansible/latest/reference/shared-services/glance-guide.html},
  urldate = {2022-05-11},
  note = "[Online; abgerufen am 11-Mai-2022]"
}

@misc{OpenStackProjects,
  title = {{OpenStack Cloud Platform Software}},
  author = {{Open Infrastructure Foundation}},
  year = {2021},
  url = {https://www.openstack.org/software/},
  urldate = {2022-05-11},
  note = "[Online; abgerufen am 11-Mai-2022]"
}

@misc{OpenStackKolla,
  title = {{Welcome to Kolla's documentation!}},
  author = {{Open Infrastructure Foundation}},
  year = {2022},
  url = {https://docs.openstack.org/kolla/yoga/},
  urldate = {2022-05-11},
  note = "[Online; abgerufen am 11-Mai-2022]"
}

@misc{OpenStackArchitecture,
  title = {{Arch Design}},
  author = {{Open Infrastructure Foundation}},
  year = {2018},
  url = {https://docs.openstack.org/arch-design/design.html},
  urldate = {2022-05-11},
  note = "[Online; abgerufen am 11-Mai-2022]"
}

@misc{Docker,
  title = {Docker overview},
  author = {Docker Inc.},
  year = {2022},
  url = {https://docs.docker.com/get-started/overview/},
  urldate = {2022-05-11},
  note = "[Online; abgerufen am 11-Mai-2022]"
}

@misc{PyScaffold,
  title = {PyScaffold},
  author = {Florian Wilhelm},
  year = {2022},
  url = {https://pypi.org/project/PyScaffold/},
  urldate = {2022-05-11},
  note = "[Online; abgerufen am 11-Mai-2022]"
}

@misc{KollaAnsible,
  title = {{Kolla Ansible}},
  author = {{Open Infrastructure Foundation}},
  year = {2022},
  url = {https://opendev.org/openstack/kolla-ansible},
  urldate = {2022-06-05},
  note = "[Online; abgerufen am 05-Juni-2022]"
}

@misc{KollaSupportMatrix,
  title = {{Kolla Ansible Support Matrix}},
  author = {{Open Infrastructure Foundation}},
  year = {2022},
  url = {https://docs.openstack.org/kolla-ansible/yoga/user/support-matrix},
  urldate = {2022-06-05},
  note = "[Online; abgerufen am 05-Juni-2022]"
}

@misc{OpenstackYogaRelease,
  title = {{Openstack Yoga Release}},
  author = {{Open Infrastructure Foundation}},
  year = {2022},
  url = {https://releases.openstack.org/yoga/index.html},
  urldate = {2022-06-05},
  note = "[Online; abgerufen am 05-Juni-2022]"
}

@misc{KollaQuickStart,
  title = {{Kolla Quick Start}},
  author = {{Open Infrastructure Foundation}},
  year = {2022},
  url = {https://docs.openstack.org/kolla-ansible/yoga/user/quickstart.html},
  urldate = {2022-06-05},
  note = "[Online; abgerufen am 05-Juni-2022]"
}

@misc{NovaDocs,
  title = {{Docs: Openstack Nova}},
  author = {{Open Infrastructure Foundation}},
  year = {2021},
  url = {https://docs.openstack.org/nova/yoga/},
  urldate = {2022-06-06},
  note = "[Online; abgerufen am 06-Juni-2022]"
}

@misc{NovaSystemArchitecture,
  title = {{Nova System Architecture}},
  author = {{Open Infrastructure Foundation}},
  year = {2022},
  url = {https://docs.openstack.org/nova/yoga/admin/architecture.html},
  urldate = {2022-06-06},
  note = "[Online; abgerufen am 06-Juni-2022]"
}

@misc{ComputeSchedulers,
  title = {{Compute Schedulers}},
  author = {{Open Infrastructure Foundation}},
  year = {2021},
  url = {https://docs.openstack.org/nova/yoga/admin/scheduling.html},
  urldate = {2022-06-06},
  note = "[Online; abgerufen am 06-Juni-2022]"
}

@misc{NormalizedWeights,
  title = {{Scheduler/Normalized Weights}},
  author = {{Open Infrastructure Foundation}},
  year = {o. J.},
  url = {https://wiki.openstack.org/wiki/Scheduler/NormalizedWeights},
  urldate = {2022-06-06},
  note = "[Online; abgerufen am 06-Juni-2022]"
}

@misc{PlacementDocs,
  title = {{Placement}},
  author = {{Open Infrastructure Foundation}},
  year = {2019},
  url = {https://docs.openstack.org/placement/yoga/},
  urldate = {2022-06-06},
  note = "[Online; abgerufen am 06-Juni-2022]"
}

@misc{FlavorDocs,
  title = {{Docs: Flavors}},
  author = {{Open Infrastructure Foundation}},
  year = {2021},
  url = {https://docs.openstack.org/nova/yoga/user/flavors.html},
  urldate = {2022-06-06},
  note = "[Online; abgerufen am 06-Juni-2022]"
}

@misc{ExtraSpecsValidation,
  title = {{Nova API Version Request}},
  author = {{Open Infrastructure Foundation}},
  year = {2021},
  url = {https://github.com/openstack/nova/blob/stable/yoga/nova/api/openstack/api_version_request.py#L234},
  urldate = {2022-06-06},
  note = "[Online; abgerufen am 06-Juni-2022]"
}

@misc{AttachPciToGuests,
  title = {{Attaching physical PCI devices to guests}},
  author = {{Open Infrastructure Foundation}},
  year = {2022},
  url = {https://docs.openstack.org/nova/yoga/admin/pci-passthrough.html},
  urldate = {2022-06-07},
  note = "[Online; abgerufen am 07-Juni-2022]"
}

@misc{PciPassthroughFilter,
  title = {{Nova PCI Passthrough Filter}},
  author = {{Open Infrastructure Foundation}},
  year = {2017},
  url = {https://github.com/openstack/nova/blob/stable/yoga/nova/scheduler/filters/pci_passthrough_filter.py},
  urldate = {2022-06-07},
  note = "[Online; abgerufen am 07-Juni-2022]"
}

@misc{NovaScheduling,
  title = {{Nova Scheduling}},
  author = {{Open Infrastructure Foundation}},
  year = {2021},
  url = {https://docs.openstack.org/nova/yoga/reference/scheduling.html},
  urldate = {2022-06-09},
  note = "[Online; abgerufen am 09-Juni-2022]"
}

@misc{NovaCustomResourceClasses,
  title = {{Managing Resource Providers Using Config Files}},
  author = {{Open Infrastructure Foundation}},
  year = {2019},
  url = {https://docs.openstack.org/nova/yoga/admin/managing-resource-providers.html},
  urldate = {2022-06-09},
  note = "[Online; abgerufen am 09-Juni-2022]"
}

@misc{NovaConfigurationOptions,
  title = {{Nova Configuration Options}},
  author = {{Open Infrastructure Foundation}},
  year = {2019},
  url = {https://docs.openstack.org/nova/yoga/configuration/config.html},
  urldate = {2022-06-09},
  note = "[Online; abgerufen am 09-Juni-2022]"
}

@misc{ProviderConfigFile,
  title = {{Provider Configuration File}},
  author = {{Open Infrastructure Foundation}},
  year = {2019},
  url = {https://specs.openstack.org/openstack/nova-specs/specs/ussuri/approved/provider-config-file.html},
  urldate = {2022-06-09},
  note = "[Online; abgerufen am 09-Juni-2022]"
}

@misc{CustomResourceClassesInExtraSpecs,
  title = {{Allow custom resource classes in flavor extra specs}},
  author = {{Open Infrastructure Foundation}},
  year = {2017},
  url = {https://specs.openstack.org/openstack/nova-specs/specs/pike/implemented/custom-resource-classes-in-flavors.html},
  urldate = {2022-06-09},
  note = "[Online; abgerufen am 09-Juni-2022]"
}

@misc{RequestTraitsInNova,
  title = {{Request traits in Nova}},
  author = {{Open Infrastructure Foundation}},
  year = {2018},
  url = {https://specs.openstack.org/openstack/nova-specs/specs/queens/implemented/request-traits-in-nova.html},
  urldate = {2022-06-09},
  note = "[Online; abgerufen am 09-Juni-2022]"
}

@misc{UnifiedLimits,
  title = {{Unified Limits}},
  author = {{Open Infrastructure Foundation}},
  year = {2022},
  url = {https://docs.openstack.org/keystone/latest/admin/unified-limits.html},
  urldate = {2022-06-11},
  note = "[Online; abgerufen am 11-Juni-2022]"
}

\end{thebibliography}
